@article{2019lfh,
  title={海底观测网的研究进展与发展趋势},
  author={李风华 and 路艳国 and 王海斌 and 郭永刚 and 张飞},
  journal={中国科学院院刊},
  volume={34},
  number={3},
  pages={321--330},
  year={2019}
}

@article{2020cjd,
  title={海底观测网发展现状及趋势研究},
  author={陈建冬 and 张达 and 王潇 and 潘筱屹 and 王策男 and 张自丽 and 葛辉良},
  journal={海洋技术学报},
  number={6},
  pages={95--103},
  year={2020}
}

@article{2016xcc,
  title={“十三五” 海洋经济发展若干问题研究},
  author={徐丛春 and 赵鹏 and 周怡圃 and 朱凌 and 李宜良 and others},
  journal={海洋经济},
  pages={3--9},
  year={2016},
  publisher={国家海洋信息中心}
}

@article{2011xhp,
  title={东海海底观测小衢山试验站},
  author={许惠平 and 张艳伟 and 徐昌伟 and 李建如 and 刘丁 and 覃如府 and 罗胜卿 and 范代读},
  journal={科学通报},
  volume={56},
  number={22},
  pages={1839--1845},
  year={2011}
}

@article{2016wzj,
  title={美国大型海底观测计划 (OOI) 正式启动运行},
  author={吴自军},
  journal={海洋地质与第四纪地质},
  volume={6},
  year={2016}
}

@mastersthesis{2013hpy,
  title={基于嵌入式系统的海洋传感器搭载平台的设计与实现},
  author={侯平宇},
  year={2013},
  school={中国海洋大学}
}

@article{2017zjj,
  title={全球有缆海底观测网概述},
  author={朱俊江 and 孙宗勋 and 练树民 and 殷建平 and 李智刚 and others},
  journal={热带海洋学报},
  volume={36},
  number={3},
  pages={20--33},
  year={2017}
}

@article{2015wj,
  title={水体浊度对沉水植物菹草生长的影响},
  author={王晋 and 林超 and 张毅敏 and 杨飞},
  journal={生态与农村环境学报},
  volume={31},
  number={3},
  pages={353--358},
  year={2015}
}

@article{2020xxw,
  title={PC与单片机多机RS232串口通信设计分析},
  author={席小卫 and 陈荻茜 and 苏喆 and 田铭繁},
  journal={数字通信世界},
  number={2},
  pages={114-115},
  year={2020},
}

@article{2018wxp,
  title={基于C8051远程监控系统的研制},
  author={王晓鹏},
  journal={现代工业经济和信息化},
  year={2018},
}

@mastersthesis{2008wx,
  title={基于 MSP430 单片机的手持式气体检测器的设计},
  author={王鑫},
  year={2008},
  school={武汉科技大学}
}

@article{wx,
  title={Cortex 架构 CPU 的嵌入式操作系统设计},
  author={王鑫}
}

@phdthesis{2013xyd,
  title={深海海底边界层原位监测中电源管理系统的设计},
  author={谢东亚 and 李欣},
  year={2013}
}

@article{2007hsj,
  title={嵌入式系统低功耗技术研究},
  author={胡淑军},
  year={2007},
}

@book{2005wdy,
  title={MSP430系列单片机实用C语言程序设计},
  author={王德银 and 编著},
  publisher={人民邮电出版社},
  year={2005},
}

@phdthesis{2017lqk,
  title={深海海洋要素垂直剖面实时测量系统设计},
  author={刘庆奎},
  year={2017},
}

@phdthesis{2015cd,
  title={基于观测网的海底动力环境监测软件系统的设计与实现},
  author={陈栋},
  year={2015},
}

@phdthesis{2014wjs,
  title={渤海湾潮流以及浪流相互作用的特征分析},
  author={吴俊杉},
  school={中国海洋大学},
  year={2014},
}

@article{2017jy,
  title={基于CAN总线的霍尔电流传感器设计},
  journal={自动化与仪表},
  volume={03},
  number={No.209},
  pages={17-20+63},
  year={2017},
}

@phdthesis{sxf,
  title={基于MSP430的数据采集系统的研究与设计},
  author={孙学飞},
  school={中南大学},
}

@misc{yzx,
  title={电子设备及其电源连接模组},
  author={叶振兴 and 陈晓竹},
  publisher={CN},
}

@article{2005xy,
  title={MSP430微控制器的能耗计算与低功耗设计},
  author={熊燕},
  journal={重庆三峡学院学报},
  number={03},
  pages={39-40},
  year={2005},
}

@phdthesis{2009zw,
  title={基于ARM9的嵌入式汽车导航与防盗系统的设计},
  author={张巍},
  school={大连海事大学},
  year={2009},
}

@article{2006zxj,
  title={基于多机SPI协议的多机通信},
  author={赵学军},
  journal={单片机与嵌入式系统应用},
  volume={6},
  number={7},
  pages={67-68},
  year={2006},
}

@article{2020wqh,
  title={基于DSP的以太网-RS422通信转换器的设计与实现},
  author={王庆贺 and 吴超 and 唐顺晨 and 田少华},
  journal={电子质量},
  volume={No.394},
  number={01},
  pages={34-37+43},
  year={2020},
}

@article{2016cmy,
  title={基于RS-485总线的触摸屏和多个STM32从站通信的研究与实现},
  author={程鸣亚 and 史先传 and 钱磊 and 高亮},
  journal={化工自动化及仪表},
  volume={43},
  number={8},
  pages={882-886},
  year={2016},
}

@article{2015zjh,
  title={基于STM32的几种读SD卡方式的速度探究},
  author={祝锦烨},
  journal={中国科技博览},
  year={2015},
}

@article{2008yp,
  title={MSP430系列超低功耗单片机及应用},
  author={杨平 and 王威},
  journal={国外电子测量技术},
  volume={27},
  number={12},
  pages={48-50},
  year={2008},
}

@misc{hjm,
  title={一种看门狗电路},
  author={洪建明 and 戴科 and 马梁},
}

@article{zhao2017design,
  title={Design of Intelligent Power Metering System with Pre-pay Based on ARM Cortex-M3},
  author={ZHAO, Xie-Qiu and CHENG, Yan-Ming and TANG, Shan-Jie and GONG, Lan-Jing},
  year={2017}
}



@article{foteinis2017comparative,
  title={A comparative analysis of wave power in the nearshore by WAM estimates and in-situ (AWAC) measurements. The case study of Varkiza, Athens, Greece},
  author={Foteinis, S and Hancock, J and Mazarakis, N and Tsoutsos, T and Synolakis, CE},
  journal={Energy},
  volume={138},
  pages={500--508},
  year={2017},
  publisher={Elsevier}
}

@article{王晓红2003人类活动对海洋生物多样性的影响,
  title={人类活动对海洋生物多样性的影响},
  author={王晓红 and 张恒庆},
  journal={水产科学},
  volume={22},
  number={1},
  pages={39--41},
  year={2003}
}

@phdthesis{孙富行2000资源水利与水资源可持续发展,
  title={资源水利与水资源可持续发展},
  author={孙富行},
  year={2000}
}

@article{张耀光2006中国海洋经济与可持续发展,
  title={中国海洋经济与可持续发展},
  author={张耀光},
  journal={科学},
  volume={58},
  number={1},
  pages={50--52},
  year={2006}
}

@phdthesis{朱光文2000海洋环境监测与现代传感器技术,
  title={海洋环境监测与现代传感器技术},
  author={朱光文},
  year={2000}
}

@phdthesis{李彦2006海洋监测传感器网络概念与应用探讨,
  title={海洋监测传感器网络概念与应用探讨},
  author={李彦 and 罗续业},
  year={2006}
}

@phdthesis{王骥2008基于无线传感器网络的海洋环境监测系统研究,
  title={基于无线传感器网络的海洋环境监测系统研究},
  author={王骥 and 周文静 and 沈玉利},
  year={2008}
}

@article{刘妹琴2021基于水下传感器网络的目标跟踪技术研究现状与展望,
  title={基于水下传感器网络的目标跟踪技术研究现状与展望},
  author={刘妹琴 and 韩学艳 and 张森林 and 郑荣濠 and 兰剑},
  journal={自动化学报},
  volume={47},
  number={2},
  pages={235--251},
  year={2021},
  publisher={自动化学报}
}

@book{davies2008msp430,
  title={MSP430 microcontroller basics},
  author={Davies, John H},
  year={2008},
  publisher={Elsevier}
}

@article{盖明举1997全球海洋观测系统介绍,
  title={全球海洋观测系统介绍},
  author={盖明举},
  journal={海洋信息},
  volume={12},
  year={1997}
}

@phdthesis{王春谊2012美国海洋观测系统分析,
  title={美国海洋观测系统分析},
  author={王春谊 and 李芝凤 and 吴迪 and 麻常雷},
  year={2012}
}

@article{李风华2019海底观测网的研究进展与发展趋势,
  title={海底观测网的研究进展与发展趋势},
  author={李风华 and 路艳国 and 王海斌 and 郭永刚 and 张飞},
  journal={中国科学院院刊},
  volume={34},
  number={3},
  pages={321--330},
  year={2019}
}

@article{bittig2019bgc,
  title={A BGC-Argo guide: Planning, deployment, data handling and usage},
  author={Bittig, Henry C and Maurer, Tanya L and Plant, Joshua N and Schmechtig, Catherine and Wong, Annie PS and Claustre, Herv{\'e} and Trull, Thomas W and Udaya Bhaskar, TVS and Boss, Emmanuel and Dall’Olmo, Giorgio and others},
  journal={Frontiers in Marine Science},
  volume={6},
  pages={502},
  year={2019},
  publisher={Frontiers}
}

@article{王辉2019基于文献计量的加拿大海洋观测网发展态势分析,
  title={基于文献计量的加拿大海洋观测网发展态势分析},
  author={王辉},
  journal={科学观察},
  volume={14},
  number={1},
  pages={33--42},
  year={2019}
}

@article{漆随平2019海洋环境监测技术及仪器装备的发展现状与趋势,
  title={海洋环境监测技术及仪器装备的发展现状与趋势},
  author={漆随平 and 厉运周},
  journal={山东科学},
  volume={32},
  number={5},
  pages={21--30},
  year={2019}
}

@article{claustre2020observing,
  title={Observing the global ocean with biogeochemical-Argo},
  author={Claustre, Herv{\'e} and Johnson, Kenneth S and Takeshita, Yuichiro},
  journal={Annual review of marine science},
  volume={12},
  pages={23--48},
  year={2020},
  publisher={Annual Reviews}
}

@article{johnson2017biogeochemical,
  title={Biogeochemical sensor performance in the SOCCOM profiling float array},
  author={Johnson, Kenneth S and Plant, Joshua N and Coletti, Luke J and Jannasch, Hans W and Sakamoto, Carole M and Riser, Stephen C and Swift, Dana D and Williams, Nancy L and Boss, Emmanuel and Ha{\"e}ntjens, Nils and others},
  journal={Journal of Geophysical Research: Oceans},
  volume={122},
  number={8},
  pages={6416--6436},
  year={2017},
  publisher={Wiley Online Library}
}